[gd_scene load_steps=4 format=3 uid="uid://dblaforeikjq"]

[ext_resource type="Script" path="res://addons/la-state-makina/src/editor/data/sme_spec.gd" id="1_v4hs3"]
[ext_resource type="Script" path="res://addons/la-state-makina/src/editor/data/sme_state_data.gd" id="2_r23s0"]
[ext_resource type="Script" path="res://addons/la-state-makina/src/editor/data/sme_transition_data.gd" id="3_an146"]

[node name="scenario_main" type="Node"]
script = ExtResource("1_v4hs3")

[node name="START" type="Node" parent="."]
script = ExtResource("2_r23s0")
ref_uuid = "e55cd935-1609-4099-b4aa-e8d584c2c8d5"
position = Vector2(762.827, -457.178)
state_name = "START"

[node name="DIALOG" type="Node" parent="."]
script = ExtResource("2_r23s0")
ref_uuid = "765097d0-0d1d-41c0-86fa-87855c90bc08"
position = Vector2(768.29, -115.26)
state_name = "DIALOG"

[node name="SPAWN" type="Node" parent="."]
script = ExtResource("2_r23s0")
ref_uuid = "8649a192-dc33-403d-9b26-c131cfbd984b"
position = Vector2(351.018, 357.793)
state_name = "SPAWN"

[node name="OUTSIDE" type="Node" parent="."]
script = ExtResource("2_r23s0")
ref_uuid = "699da145-c490-41b5-94a4-2e1c1a29bb16"
position = Vector2(1584.53, 394.642)
state_name = "OUTSIDE"

[node name="WIN" type="Node" parent="."]
script = ExtResource("2_r23s0")
ref_uuid = "76696747-f33f-4e73-a04e-1cd8902c9cd1"
position = Vector2(540.65, 1176.2)
state_name = "WIN"

[node name="GAME_OVER" type="Node" parent="."]
script = ExtResource("2_r23s0")
ref_uuid = "65c8392d-5dd1-4952-887c-ec18181a5f30"
position = Vector2(1263.43, 1164.92)
state_name = "GAME_OVER"

[node name="TRUE_|_235560c8-dc18-46e4-8ace-6eba785a2bf4" type="Node" parent="."]
script = ExtResource("3_an146")
ref_uuid = "235560c8-dc18-46e4-8ace-6eba785a2bf4"
transition_label = "TRUE_|_235560c8-dc18-46e4-8ace-6eba785a2bf4"
transition_label_offset = Vector2(20.4334, -25.5149)

[node name="DIALOG_IS_FINISHED_|_e9b6739a-687a-4ec5-8f61-dedf56f9b82b" type="Node" parent="."]
script = ExtResource("3_an146")
ref_uuid = "e9b6739a-687a-4ec5-8f61-dedf56f9b82b"
transition_label = "DIALOG_IS_FINISHED_|_e9b6739a-687a-4ec5-8f61-dedf56f9b82b"
transition_label_offset = Vector2(-222.118, -23.0262)
main_line_points = [null, Vector2(902.895, 256.54)]

[node name="PLAYER_MAKE_A_GAME_OVER_|_49f781cb-c275-4c60-873f-7120d58be1aa" type="Node" parent="."]
script = ExtResource("3_an146")
ref_uuid = "49f781cb-c275-4c60-873f-7120d58be1aa"
transition_label = "PLAYER_MAKE_A_GAME_OVER_|_49f781cb-c275-4c60-873f-7120d58be1aa"
transition_label_offset = Vector2(60.4309, -87.8345)
main_line_points = [Vector2(1415.48, 918.037), null]
source_lines_points = {
"699da145-c490-41b5-94a4-2e1c1a29bb16": [Vector2(1542.11, 664.704)],
"8649a192-dc33-403d-9b26-c131cfbd984b": [Vector2(1204.66, 652.303)],
"c0d0f7c7-7408-49c5-a803-7eb79aa3eebf": [Vector2(1376.5, 654.074)]
}

[node name="ALL_SHEEPS_WERE_CAPTURED_|_a834b854-5bd5-4d26-8e8d-cb362494bb59" type="Node" parent="."]
script = ExtResource("3_an146")
ref_uuid = "a834b854-5bd5-4d26-8e8d-cb362494bb59"
transition_label = "ALL_SHEEPS_WERE_CAPTURED_|_a834b854-5bd5-4d26-8e8d-cb362494bb59"
transition_label_offset = Vector2(38.0051, -54.0498)
main_line_points = [Vector2(681.679, 929.765), null]

[node name="IS_OUTSIDE_|_9e7e6a1b-bd9b-4175-9929-a4e82d1bccca" type="Node" parent="."]
script = ExtResource("3_an146")
ref_uuid = "9e7e6a1b-bd9b-4175-9929-a4e82d1bccca"
transition_label = "IS_OUTSIDE_|_9e7e6a1b-bd9b-4175-9929-a4e82d1bccca"
transition_label_offset = Vector2(-73.6207, -9.54141)
main_line_points = [null, Vector2(1377.62, 520.454), null]

[node name="IS_AT_HOME_|_c9037773-8366-4725-afb3-283a3910ba08" type="Node" parent="."]
script = ExtResource("3_an146")
ref_uuid = "c9037773-8366-4725-afb3-283a3910ba08"
transition_label = "IS_AT_HOME_|_c9037773-8366-4725-afb3-283a3910ba08"
transition_label_offset = Vector2(-107.445, -162.407)
main_line_points = [null, Vector2(1397.11, 329.479), null]

[node name="AT_HOME" type="Node" parent="."]
script = ExtResource("2_r23s0")
ref_uuid = "c0d0f7c7-7408-49c5-a803-7eb79aa3eebf"
position = Vector2(1175.47, 402.811)
state_name = "AT_HOME"

[node name="@TextEdit@75578" type="TextEdit" parent="."]
offset_left = 1089.35
offset_top = -96.7401
offset_right = 1360.22
offset_bottom = -16.1439
theme_override_font_sizes/font_size = 18
text = "This state explain the rules
of the game"
metadata/display_border = false
